
@ARTICLE{kim2,
author={Kim, Theodore and Lin, Ming C.},
journal={IEEE Transactions on Visualization and Computer Graphics}, 
title={Fast Animation of Lightning Using an Adaptive Mesh}, 
year={2007},
volume={13},
number={2},
pages={390-402},
keywords={},
doi={10.1109/TVCG.2007.38},
ISSN={1941-0506},
month={March}
}

 @misc{karies_stubbe_wihlidal,
 author={Rune, Karies and Wihlidal, Brian and Graham, Stubbe},
 title={Advances in real-time rendering in 3D graphics and games},
 pages={65},
 year={2021}
 } 

 @misc{david,
 author={Eberly, David},
 title={3D Game Engine Design: A Practical Approach to Real-Time Computer Graphics},
 year={2006}}

 @misc{niebner_loop,
  title={Patch-based occlusion culling for hardware tessellation},
  author={Nie{\ss}ner, Matthias and Loop, Charles},
  booktitle={Computer Graphics International},
  volume={2},
  year={2012}
}

  @misc{karies_stubbe_wihlidal_0,
 author={Rune, Karies and Wihlidal, Brian and Graham, Stubbe},
 title={Advances in real-time rendering in 3D graphics and games},
 year={2021}
 } 

  @misc{karies_stubbe_wihlidal_00,
 author={Rune, Karies and Wihlidal, Brian and Graham, Stubbe},
 title={Advances in real-time rendering in 3D graphics and games},
 year={2021}
 } 

 @misc{karies_stubbe_wihlidal_2,
 author={Rune, Karies and Wihlidal, Brian and Graham, Stubbe},
 title={Advances in real-time rendering in 3D graphics and games},
 pages={144},
 year={2021}
 } 

  @misc{karies_stubbe_wihlidal_3,
 author={Rune, Karies and Wihlidal, Brian and Graham, Stubbe},
 title={Advances in real-time rendering in 3D graphics and games},
 pages={23},
 year={2021}
 } 

 @misc{killzone,
 author={Valient, Michal},
 title={Deferred Rendering in Killzone 2},
 url={https://www.slideshare.net/guerrillagames/deferred-rendering-in-killzone-2-9691589},
 pages={18},
 note={Last accessed: 2023-06-19}
 }

 @misc{IGN, title={Unreal Engine 5 – Official Valley of the Ancient Tech Showcase}, url={https://www.youtube.com/watch?v=SeY-ousiCPg}, journal={YouTube}, author={IGN}, year={2021}, month={May.} }


@misc{Unreal, 
title={Nanite Virtualized Geometry},
url={https://docs.unrealengine.com/5.0/en-US/nanite-virtualized-geometry-in-unreal-engine/}, journal={in Unreal Engine | Unreal Engine 5.0 Documentation}, publisher={Epic Games},
note={Last accessed: 2023-06-19}
} 


@misc{cluster, title={Meshlet Priors for 3D Mesh Reconstruction}, url={https://research.nvidia.com/sites/default/files/styles/wide/public/publications/teaser_1.jpg?itok=j8XqbjbM}, publisher={Nvidia}, note={Last accessed: 2023-06-19}} 

@misc{subdiv, 
title={Subdivision Surface Modifier},
url={https://docs.blender.org/manual/en/latest/modeling/modifiers/generate/subdivision_surface.html}, publisher={Blender},
note={Last accessed: 2023-06-19}
} 

@misc{refl, 
title={Insights: How Reflections in Games Are Made},
url={https://80.lv/articles/insights-how-reflections-in-games-are-made}, publisher={80LV},
note={Last accessed: 2023-06-19}
} 

@misc{voxl,
author = {Mora Ramirez, Erick},
year = {2019},
month = {03},
pages = {},
title = {Radiopharmaceutical dosimetry in targeted radionuclide therapy}
}

@misc{disp, 
title={Normal vs Displacement vs Bump Maps: Differences and when to use which},
url={https://www.cgdirector.com/normal-vs-displacement-vs-bump-maps/}, publisher={CGDirector},
note={Last accessed: 2023-06-19}
} 

@misc{tron, 
title={Tron – Retro Gamer},
url={https://www.retrogamer.net/retro_games80/zaxxon/}, publisher={Retro Gamer},
note={Last accessed: 2023-06-19}
} 