
@ARTICLE{kim2,
author={Kim, Theodore and Lin, Ming C.},
journal={IEEE Transactions on Visualization and Computer Graphics}, 
title={Fast Animation of Lightning Using an Adaptive Mesh}, 
year={2007},
volume={13},
number={2},
pages={390-402},
,
keywords={},
doi={10.1109/TVCG.2007.38},
ISSN={1941-0506},
month={March}
}
